@article{Loyd2018,
  author       = {Loyd, R. O. P. and France, K. and Youngblood, A. and others},
  title        = {HAZMAT. IV. Flares and Superflares on Young M Stars in the Far Ultraviolet},
  journal      = {Astrophysical Journal},
  volume       = {867},
  number       = {1},
  pages        = {70},
  year         = {2018},
  doi          = {10.3847/1538-4357/aae2ae},
  archivePrefix= {arXiv},
  eprint       = {1810.03312},
  primaryClass = {astro-ph.SR}
}

@article{MacGregor2021,
  author       = {MacGregor, M. A. and Weinberger, A. J. and Loyd, R. O. P. and others},
  title        = {Discovery of an Extremely Short Duration Flare from Proxima Centauri Using Millimeter through Far-ultraviolet Observations},
  journal      = {Astrophysical Journal Letters},
  volume       = {911},
  number       = {2},
  pages        = {L25},
  year         = {2021},
  doi          = {10.3847/2041-8213/abf14c},
  archivePrefix= {arXiv},
  eprint       = {2104.09515},
  primaryClass = {astro-ph.SR}
}

@article{Ramiaramanantsoa2021,
  author       = {Ramiaramanantsoa, T. and Bowman, J. D. and Shkolnik, E. L. and others},
  title        = {Onboard Dynamic Image Exposure Control for the Star-Planet Activity Research CubeSat (SPARCS)},
  journal      = {Monthly Notices of the Royal Astronomical Society},
  volume       = {509},
  number       = {4},
  pages        = {5702--5712},
  year         = {2021},
  doi          = {10.1093/mnras/stab3337},
  archivePrefix= {arXiv},
  eprint       = {2111.10322},
  primaryClass = {astro-ph.IM}
}

@article{Shkolnik2025,
  author       = {Shkolnik, E. L. and Ardila, D. R. and Jensen, L. and Jewell, A. D. and Ramiaramanantsoa, T. and others},
  title        = {Building SPARCS, an Ultraviolet Science CubeSat for Exoplanet Habitability Studies, Technology Advancements, and Mission Training},
  journal      = {arXiv e-prints},
  year         = {2025},
  eid          = {arXiv:2507.03102},
  archivePrefix= {arXiv},
  eprint       = {2507.03102},
  primaryClass = {astro-ph.IM},
  note         = {submitted}
}

@article{Segura2010,
  author       = {Segura, A. and Walkowicz, L. M. and Meadows, V. and Kasting, J. and Hawley, S.},
  title        = {The Effect of a Strong Stellar Flare on the Atmospheric Chemistry of an Earth-like Planet Orbiting an M Dwarf},
  journal      = {Astrobiology},
  volume       = {10},
  number       = {7},
  pages        = {751--771},
  year         = {2010},
  doi          = {10.1089/ast.2009.0376}
}

@article{Luger2015,
  author       = {Luger, R. and Barnes, R.},
  title        = {Extreme Water Loss and Abiotic O2 Buildup on Planets Throughout the Habitable Zones of M Dwarfs},
  journal      = {Astrobiology},
  volume       = {15},
  number       = {2},
  pages        = {119--143},
  year         = {2015},
  doi          = {10.1089/ast.2014.1231},
  archivePrefix= {arXiv},
  eprint       = {1411.7412},
  primaryClass = {astro-ph.EP}
}

@article{Ramiaramanantsoa2025,
  author       = {Ramiaramanantsoa, T. and Bowman, J. D. and Shkolnik, E. L. and others},
  title        = {Adaptive Light Curve Extractor (ALICE): A Generic Data Reduction Pipeline for Photometric Monitoring Observatories},
  journal      = {in preparation},
  year         = {2025},
  note         = {manuscript in prep., as cited in SPARCS 2025 paper}
}